@article{test,
author = {James Horey and Brent Lagesse},
title = {Latency Minimizing Tasking for Information Processing Systems},
journal ={2013 IEEE 13th International Conference on Data Mining Workshops},
volume = {0},
isbn = {978-0-7695-4409-0},
year = {2011},
pages = {167-173},
doi = {http://doi.ieeecomputersociety.org/10.1109/ICDMW.2011.109},
publisher = {IEEE Computer Society},
address = {Los Alamitos, CA, USA},
}